@article{kernels,
  author = {Lodhi, Huma and Saunders, Craig and Shawe-Taylor, John and Cristianini, Nello and Watkins, Chris},
  doi = {10.1162/153244302760200687},
  file = {:Users/fabian/Library/Mobile Documents/com{\~{}}apple{\~{}}CloudDocs/Mendeley/Lodhi et al. - 2002 - Text Classification using String Kernels.pdf:pdf},
  isbn = {1532-4435},
  issn = {0003-6951},
  journal = {Journal of Machine Learning Research},
  keywords = {String Kernels,text classification},
  pages = {419--444},
  title = {{Text Classification using String Kernels}},
  url = {http://discovery.ucl.ac.uk/13443/{\%}5Cnhttp://www.crossref.org/deleted{\_}DOI.html},
  volume = {2},
  year = {2002}
}
